Beitrag in einer Zeitschrift
@article{Schubert,
  author = {Ernst Schubert},
  title = {König und Reich. Studien zur spätmittelalterlichen deutschen Verfassungsgeschichte},
  journal = {Zeitschrift der Savigny-Stiftung für Rechtsgeschichte. Germanistische Abteilung},
  volume = {14},
  number = {3},
  year = {1979},
  pages = {}
}

Beitrag in einem Sammlungsband
@incollection{moore,
  author = {Edward F. Moore},
  title = {Gedanken-{E}xperiments on {S}equential {M}achines},
  booktitle = {Automata Studies},
  editor = {Claude Shannon and John McCarthy},
  pages = {129--153},
  publisher = {Princeton University Press},
  year = {1956}
}

Buch
@book{Schulze,
  author = {Hans K. Schulze},
  title = {Grundstruktur der Verfassung im Mittelalter},
  year = {1998},
  edition = {4. Auflage},
  publisher = {Kohlhammer}
}

Beitrag im Berichtsband einer Konferenz
@inproceedings{Kintzinger,
  author = {Martin Kintzinger},
  title = {Kaiser und König. Das römisch-deutsche Reich und Frankreich im Spätmittelalter},
  booktitle = {Auswärtige Politik und internationale Bezihungen im Mitelalter},
  pages = {291--305},
  year = 1999,
  editor = {Dieter Berg, Martin Kintzinger, Pierre Monnet},
  volume = 4711,
  publisher = {Winkler verlag},
  series = {Auswärtige Politik und internationale Beziehungen im Mittelalter}
}

technischer Bericht
@techreport{bitkom,
  author = {Stephan Ziegler and Anne Müller},
  title = {Eingebettete {S}ysteme -- {E}in strategisches {W}achstumsfeld für {D}eutschland: {A}nwendungsbeispiele, {Z}ahlen und {T}rends},
  institution = {Bundesverband Informationswirtschaft, Telekommunikation und neue Medien e.V. (BITKOM)},
  year = {2010},
}

Dissertation
@phdthesis{Leucker02,
  author = {Martin Leucker},
  title = {Logics for {M}azurkiewicz {T}races},
  year = {2002},
  school = {RWTH Aachen},
  type = {Dissertation}
}

Abschlussarbeit
@mastersthesis{RltlConv,
  author = {Malte Schmitz},
  title = {Transformation von regulärer {L}inearzeit-{T}emporallogik zu {P}aritätsautomaten},
  year = {2012},
  school = {Universität zu Lübeck},
  type = {Bachelorarbeit}
}

(noch) nicht veröffentlichter Artikel
@unpublished{ptLTL,
  author = {Grigore Ro{\c{s}}u},
  note = {Vorlesung am Formal Systems Laboratory, Department of Computer Science at the University of Illinois at Urbana-Champaign},
  month = {Frühling},
  year = {2007},
  title = {{A} {M}onitor {S}ynthesis {A}lgorithm for {P}ast {LTL}}
}

Artikel auf einer Website
@misc{codecommit,
  author = {Daniel Spiewak},
  title = {The {M}agic {B}ehind {P}arser {C}ombinators},
  year = {2009},
  howpublished = "\url{http://www.codecommit.com/blog/scala/the-magic-behind-parser-combinators}",
  note = "[Online; Zugriff am 03.03.2014]"
}
